<?xml version="1.0" encoding="UTF-8"?>
<collection xmlns:xsi="http://www.w3.org/2001/XMLSchema-instance" xsi:schemaLocation="http://www.loc.gov/MARC21/slim http://www.loc.gov/standards/marcxml/schema/MARC21slim.xsd" xmlns="http://www.loc.gov/MARC21/slim">
<record>
  <leader>01110cam a2200289 i 4500</leader>
  <controlfield tag="001">32314</controlfield>
  <controlfield tag="003">NNC</controlfield>
  <controlfield tag="005">20130422224904.0</controlfield>
  <controlfield tag="008">801010s1899    ua a          000 0 ara d</controlfield>
  <datafield tag="035" ind1=" " ind2=" ">
    <subfield code="a">(OCoLC)505038637</subfield>
  </datafield>
  <datafield tag="035" ind1=" " ind2=" ">
    <subfield code="a">(OCoLC)ocn505038637</subfield>
  </datafield>
  <datafield tag="035" ind1=" " ind2=" ">
    <subfield code="a">(CStRLIN)NYCG19031890-B</subfield>
  </datafield>
  <datafield tag="035" ind1=" " ind2=" ">
    <subfield code="9">AAD3762CU</subfield>
  </datafield>
  <datafield tag="035" ind1=" " ind2=" ">
    <subfield code="a">(NNC)32314</subfield>
  </datafield>
  <datafield tag="040" ind1=" " ind2=" ">
    <subfield code="a">NNC</subfield>
    <subfield code="c">NNC</subfield>
    <subfield code="d">NNC</subfield>
  </datafield>
  <datafield tag="090" ind1=" " ind2=" ">
    <subfield code="a">PN185</subfield>
    <subfield code="b">.S2</subfield>
  </datafield>
  <datafield tag="100" ind1="1" ind2=" ">
    <subfield code="a">Sakkākī, Yūsuf ibn Abī Bakr,</subfield>
    <subfield code="d">1160-</subfield>
  </datafield>
  <datafield tag="240" ind1="1" ind2="0">
    <subfield code="a">Miftāḥ al-ʻulūm</subfield>
  </datafield>
  <datafield tag="245" ind1="0" ind2="0">
    <subfield code="a">Kitāb miftāḥ al-ʻulūm /</subfield>
    <subfield code="c">lil-Imām Abī Yaʻqūb Yūsuf ibn Abī Bakr Muḥammad ibn ʻAlī al-Sakkākī, wa-qad washaynā ṭurarahu ... bi-Kitāb itmām al-dirāyah ... / lil-Imām Jalāl al-Dīn ʻAbd al-Raḥmān al-Suyūṭī.</subfield>
  </datafield>
  <datafield tag="250" ind1=" " ind2=" ">
    <subfield code="a">al-Ṭabʻah 1.</subfield>
  </datafield>
  <datafield tag="260" ind1=" " ind2=" ">
    <subfield code="a">Miṣr :</subfield>
    <subfield code="b">al-Maṭbaʻah al-Adabīyah,</subfield>
    <subfield code="c">[1899?]</subfield>
  </datafield>
  <datafield tag="300" ind1=" " ind2=" ">
    <subfield code="a">319 p. :</subfield>
    <subfield code="b">diagrs. ;</subfield>
    <subfield code="c">27 cm.</subfield>
  </datafield>
  <datafield tag="650" ind1=" " ind2="0">
    <subfield code="a">Rhetoric, Medieval.</subfield>
  </datafield>
  <datafield tag="650" ind1=" " ind2="0">
    <subfield code="a">Arabic language</subfield>
    <subfield code="x">Rhetoric.</subfield>
  </datafield>
  <datafield tag="700" ind1="0" ind2="2">
    <subfield code="a">Suyūṭī,</subfield>
    <subfield code="d">1445-1505.</subfield>
    <subfield code="t">Itmām al-dirāyah.</subfield>
    <subfield code="f">1899.</subfield>
  </datafield>
  <datafield tag="740" ind1="0" ind2="1">
    <subfield code="a">Miftāḥ al-ʻulūm.</subfield>
  </datafield>
  <datafield tag="740" ind1="0" ind2="1">
    <subfield code="a">Itmām al-dirāyah.</subfield>
  </datafield>
  <datafield tag="955" ind1=" " ind2=" ">
    <subfield code="b">CU63176041</subfield>
    <subfield code="d">off,glx</subfield>
    <subfield code="e">PN185 .S2</subfield>
  </datafield>
</record>
</collection>